@techreport{BOSCH_CANFD,
  author      = {Robert Bosch GmbH},
  title       = {CAN FD Specification},
  institution = {Robert Bosch GmbH},
  year        = {2012},
  url         = {https:/https://web.archive.org/web/20151211125301/http://www.bosch-semiconductors.de/media/ubk_semiconductors/pdf_1/canliteratur/can_fd_spec.pdf}
}

@techreport{BOSCH_CAN20,
  author      = {Robert Bosch GmbH},
  title       = {CAN Specification Version 2.0},
  institution = {Robert Bosch GmbH},
  year        = {1991},
  url         = {https://web.archive.org/web/20221010170747/http://esd.cs.ucr.edu/webres/can20.pdf}
}

@misc{wikipediaCAN,
  title       = {CAN bus --- Wikipedia, The Free Encyclopedia},
  year        = {2025},
  url         = {https://en.wikipedia.org/wiki/CAN_bus}
}

@misc{AEMSite,
  title       = "{AEM Electronics Official Website}",
  year        = {2025},
  url         = {https://www.aemelectronics.com/}
}

@misc{AiMSite,
  title       = "{AiM Sportline Official Website}",
  year        = {2025},
  url         = {https://www.aim-sportline.com/}
}

@misc{MoTeCSite,
  title       = "{MoTeC Official Website}",
  year = {2025},
  url = {https://www.motec.com.au/}
}

@misc{STM32DuinoGithub,
  title       = "{STM32 Arduino Core Github Repository}",
  year        = {2025},
  url         = {https://github.com/stm32duino/Arduino_Core_STM32}
}

@misc{ACANFDGithub,
  title       = "{ACANFD STM32 Library Github Repository}",
  year        = {2025},
  url         = {https://github.com/pierremolinaro/acanfd-stm32}
}

@misc{STM32SDGithub,
  title       = "{STM32SD Library Github Repository}",
  year        = {2025},
  url         = {https://github.com/stm32duino/STM32SD}
}

@misc{PlatformIOSite,
  title       = "{PlatformIO Homepage}",
  year        = {2025},
  url         = {https://platformio.org/}
}

@misc{XbeeProductPage,
  title       = "{Digi XBee 3 Zigbee 3 RF Module}",
  year        = {2025},
  url         = {https://www.digi.com/products/embedded-systems/digi-xbee/rf-modules/2-4-ghz-rf-modules/xbee3-zigbee-3#specifications},
}